@Book{barth:98,
  author =    "Barth, Friederich and Haller, Rudolf",
  publisher =    "Oldenbourg Verlag",
  title =    "Stochastik Leistungskurs",
  address =    "München",
  year =     "1998",
}
@Book{blitzstein:2014,
  author = 	 {Joseph K.~Blitzstein and Jessica Hwang},
  title = 	 {Introduction to Probability},
  publisher = 	 {CRC Press},
  year = 	 {2014},
}
@Book{bulmer:1979,
  author = 	 {Michael G.~Bulmer},
  title = 	 {Principles of Statistics},
  publisher = 	 {Dover Publications},
  year = 	 {1979}
}

@Book{gill:2014,
  author = 	 {Peter Gill},
  title = 	 {Misleading DNA Evidence},
  publisher = 	 {Academic Press},
  year = 	 {2014}
}

@book{grinstead:97,
    author = {Grinstead, Charles  M.  and Snell, Laurie  J.},
    publisher = {{American Mathematical Society}},
    title = {Introduction to Probability},
    year = {1997},
}
@Book{fahrmeir:2016,
  author = 	 {Ludwig Fahrmeir and Christian Heumann and Rita K\"{u}nstler and Iris Pigeot and Gerhard Tutz},
  title = 	 {Statistik --- Der Weg zur Datenanalyse},
  publisher = 	 {Springer},
  year = 	 {2016},
  address = 	 {8te Auflage},
}

@Book{gross:1985,
  author =      {Donald Gross and Carl M. Harris},
  title =      {Fundamentals of Queueing Theory},
  publisher =      {Wiley},
  year =      {1985},
}
@Book{lewis:2004,
  author = 	 {Michael Lewis},
  title = 	 {Moneyball: The Art of Winning an Unfair Game},
  publisher = 	 {Norton \& Company},
  year = 	 {2003},
}
@Book{nist:2012,
  author =      {NIST},
  title =      {Engineering Statistics},
  publisher =      {National Institute of Standards and Technology},
  year =      {2012},
  note =      {http://www.itl.nist.gov/div898/handbook/index.htm},
}
@Book{ross:2004,
  author =      {Sheldon M.~Ross},
  title =      {Introduction to Probability and Statistics for Engineers and Scientists},
  publisher =      {Elsevier Academic Press},
  year =      {2004},
}
@Book{spiegel:2000,
  author =    "Murray R. Spiegel and Larry J.~Stephens",
  title =    "Probability and Statistics",
  publisher =    "McGraw-Hill; New York",
  year =     "2000"
}


